@article{geofacial,
  annotation = {dataset_geofaces,geofaces,spotlight,contextualeyes,social_media},
  author = {Islam, Mohammad T. and Greenwell, Connor and Souvenir, Richard and Jacobs, Nathan},
  doi = {10.1186/s13640-015-0070-9},
  journal = {EURASIP Journal on Image and Video Processing (JIVP)},
  month = jun,
  note = {Impact factor: 1.060},
  number = {1},
  pages = {1--14},
  pdf = {http://jivp.eurasipjournals.com/content/2015/1/17},
  project = {https://mvrl.cse.wustl.edu/research/geofaces/},
  thumbnail = {/thumbnails/geofacial.jpg},
  title = {Large-Scale Geo-Facial Image Analysis},
  volume = {2015},
  year = {2015},
  bdsk-url-1 = {https://doi.org/10.1186/s13640-015-0070-9}
}